@book{HairerLubichWanner-06,
   author = {E. Hairer and C. Lubich and G. Wanner},
   title = {Geometric Numerical Integration},
   publisher = {Springer-Verlag},
   address = {Heidelberg},                                                       
  edition = {2nd},
  number = {31},
 series = {Springer series in computational mathematics},
   year = 2006}
